%% This BibTeX bibliography file was created using BibDesk.
%% https://bibdesk.sourceforge.io/

%% Created for Matteo Azzarelli at 2018-11-01 11:10:16 +0800 


%% Saved with string encoding Unicode (UTF-8) 



@techreport{thisPaper,
	Author = {Matteo Azzarelli, Prof. Jiming Liu},
	Date-Added = {2019-01-05 15:59:21 +0800},
	Date-Modified = {2019-01-05 15:59:21 +0800},
	Institution = {HKBU},
	Title = {Modelling of vaccinations influence on diseases spreading in a real-world network},
	Year = {2019}}

@inproceedings{McAuley:2012:LDS:2999134.2999195,
     author = {McAuley, Julian and Leskovec, Jure},
     title = {Learning to Discover Social Circles in Ego Networks},
     booktitle = {Proceedings of the 25th International Conference on Neural Information Processing Systems - Volume 1},
     series = {NIPS'12},
     year = {2012},
     location = {Lake Tahoe, Nevada},
     pages = {539--547},
     numpages = {9},
     url = {http://dl.acm.org/citation.cfm?id=2999134.2999195},
     acmid = {2999195},
     publisher = {Curran Associates Inc.},
     address = {USA}} 

@article{hethcote2000mathematics,
  title={The mathematics of infectious diseases},
  author={Hethcote, Herbert W},
  journal={SIAM review},
  volume={42},
  number={4},
  pages={599--653},
  year={2000},
  publisher={SIAM}}


@webpage{NetworkX,
	Date-Added = {2019-01-07 01:05:46 +0800},
	Date-Modified = {2019-01-07 01:05:58 +0800},
	Url = {https://networkx.github.io/}}



@webpage{performanceGraphTool,
	Date-Added = {2019-01-07 01:18:52 +0800},
	Date-Modified = {2019-01-07 01:19:33 +0800},
	Title = {Graph-tool performance comparison},
	Url = {https://graph-tool.skewed.de/performance}}


@webpage{igraph,
	Date-Added = {2019-01-07 01:16:42 +0800},
	Date-Modified = {2019-01-07 01:16:50 +0800},
	Url = {https://igraph.org/}}


@article{witten2007simulations,
  title={Simulations of infectious diseases on networks},
  author={Witten, G and Poulter, G},
  journal={Computers in Biology and Medicine},
  volume={37},
  number={2},
  pages={195--205},
  year={2007},
  publisher={Elsevier}}
  
@webpage{wiky-Poisson,
	Url = {https://it.wikipedia.org/wiki/Distribuzione_di_Poisson}}


@webpage{wiky-prefAttach,
	Url = {https://en.wikipedia.org/wiki/Preferential_attachment}}

@webpage{stanford_Facebook,
	Url = {https://snap.stanford.edu/data/ego-Facebook.html}}
